4:
:20:CSCT032000000007
:25:032000000007
:28C:00029/001
:60F:C190205AUD0,00
:61:1902080208D5000,00F803Payer Name This //0802198032003412
is the beneficiary descrip
:86:WITHDRAWAL    2003412
Payer Name This is the beneficiary descrip
:61:1902080208D8000,00F817Payee Name This //0802198171413245
is the beneficiary descrip
:86:WITHDRAWAL-OSKO PAYMENT 1413245
Payee Name This is the beneficiary descrip
:61:1902080208D780,00F8702413480 07 Feb 2//0802198701413245
019 MD06 Requested by paye
:86:WITHDRAWAL-PAYMENT RETURN
2413480 07 Feb 2019 MD06 Requested by paye
:61:1902080208D4000,00F8742413481 07 Feb 2//0802198741413245
019 MD06 Requested by paye
:86:WITHDRAWAL-OSKO PAYMENT RETURN
2413481 07 Feb 2019 MD06 Requested by paye
:61:1902080208C6000,00F886Payee Name This //0802198862056575
is the beneficiary descrip
:86:DEPOSIT 2056575
Payee Name This is the beneficiary descrip
:61:1902080208C5000,00F887Payer Name This //0802198872003412
is the beneficiary descrip
:86:DEPOSIT-OSKO PAYMENT    2003412
Payer Name This is the beneficiary descrip
:61:1902080208C5000,00F8911286995 05 Feb 2//0802198911413245
019 BE05 Payee is not fami
:86:DEPOSIT-PAYMENT    RETURN
1286995 05 Feb 2019 BE05 Payee is not fami
:61:1902080208C8000,00F8921286995 05 Feb 2//0802198921413245
019 BE05 Payee is not fami
:86:DEPOSIT-OSKO PAYMENT    RETURN
1286995 05 Feb 2019 BE05 Payee is not fami
:61:1902080208C5000,00F8952003412 07 Feb 2//0802198951413245
019 AC07 Account closed En
:86:DEPOSIT-PAYMENT    REVERSAL
2003412 07 Feb 2019 AC07 Account closed En
:61:1902080208C8000,00F8965642137 07 Feb 2//0802198961413245
019 AC07 Account closed En
:86:DEPOSIT-OSKO PAYMENT    REVERSAL
5642137 07 Feb 2019 AC07 Account closed En
:62F:C190205AUD12000,00
:64:C190205AUD12000,00

